@article{Hunter:2007,
        Address = {10662 LOS VAQUEROS CIRCLE, PO BOX 3014, LOS ALAMITOS, CA 90720-1314 USA},
        Author = {Hunter, John D.},
        Date-Added = {2010-09-23 12:22:10 -0700},
        Date-Modified = {2010-09-23 12:22:10 -0700},
        Isi = {000245668100019},
        Isi-Recid = {155389429},
        Journal = {Computing In Science \& Engineering},
        Month = {May-Jun},
        Number = {3},
        Pages = {90--95},
        Publisher = {IEEE COMPUTER SOC},
        Times-Cited = {21},
        Title = {Matplotlib: A 2D graphics environment},
        Type = {Editorial Material},
        Volume = {9},
        Year = {2007},
        Abstract = {Matplotlib is a 2D graphics package used for Python for application
                    development, interactive scripting, and publication-quality image
                    generation across user interfaces and operating systems.},
        Bdsk-Url-1 = {http://gateway.isiknowledge.com/gateway/Gateway.cgi?GWVersion=2&SrcAuth=Alerting&SrcApp=Alerting&DestApp=WOS&DestLinkType=FullRecord;KeyUT=000245668100019}}

@book{NLTK,
	Author = {Steven Bird and Edward Loper and Ewan Klein},
  	Title =	{Natural Language Processing with Python},
  	Publisher =	{O'Reilly Media Inc},
  	Year = "2009"}

@misc{alchemyapi,
	author = {AlchemyAPI},
	title = {Sentiment Analysis},
	type = {Documentation},
	month = {October~21,},
	year = {2011},
	url = {http://www.alchemyapi.com/api/sentiment/},
	howpublished = {\url{http://www.alchemyapi.com/api/sentiment/}}}
	
@misc{twitterblog,
author = {@twitter},
title = {Twitter turns six},
journal = {Twitter Blog},
type = {Blog},
month = {March~21,},
year = {2012},
url = {http://blog.twitter.com/2012/03/twitter-turns-six.html},
howpublished = {\url{http://blog.twitter.com/2012/03/twitter-turns-six.html}}}
	
@misc{pattern,
author = {CLiPS},
title = {Pattern.en Sentiment},
type = {Documentation},
month = {April~6,},
year = {2012},
url = {http://www.clips.ua.ac.be/pages/pattern-en#sentiment},
howpublished = {\url{http://www.clips.ua.ac.be/pages/pattern-en#sentiment}}}

@misc{twitterstreamingapi,
author = {@twitterapi},
title = {Streaming API Concepts},
type = {Documentation},
month = {April~2,},
year = {2012},
url = {https://dev.twitter.com/docs/streaming-api/concepts},
howpublished = {\url{https://dev.twitter.com/docs/streaming-api/concepts}}}

@article{hotho-etal-ldv-2005,
  added-at = {2006-06-27T09:41:56.000+0200},
  author = {Hotho, Andreas and Nürnberger, Andreas and Paaß, Gerhard},
  biburl = {http://www.bibsonomy.org/bibtex/26ecc8a3cee1a99bbb9f8f8dd6a9d2959/hotho},
  interhash = {a324706344ddfce8a288870adeef18cb},
  intrahash = {6ecc8a3cee1a99bbb9f8f8dd6a9d2959},
  issn = {0175-1336},
  journal = {LDV Forum - GLDV Journal for Computational Linguistics and Language Technology},
  keywords = {2005 SumSchool06 mining myown ontology overview survey text tm},
  month = MAY,
  number = 1,
  pages = {19-62},
  timestamp = {2006-06-27T09:41:56.000+0200},
  title = { A Brief Survey of Text Mining},
  url = {http://www.kde.cs.uni-kassel.de/hotho/pub/2005/hotho05TextMining.pdf},
  vgwort = {44},
  volume = 20,
  year = 2005
}

@article{Krallinger2005,
  abstract = {Text-mining in molecular biology -- defined as the automatic extraction of information about genes, proteins and their functional relationships from text documents -- has emerged as a hybrid discipline on the edges of the fields of information science, bioinformatics and computational linguistics. A range of text-mining applications have been developed recently that will improve access to knowledge for biologists and database annotators.},
  added-at = {2008-10-14T14:06:29.000+0200},
  address = {National Center of Biotechnology, CNB-CSIC, Cantoblanco, E-28049 Madrid, Spain. martink@cnb.uam.es},
  author = {Krallinger, M. and Valencia, A.},
  biburl = {http://www.bibsonomy.org/bibtex/25912c1172f231d7a45aed2c8814b23fe/mcdiaz},
  doi = {http://dx.doi.org/10.1186/gb-2005-6-7-224},
  interhash = {e87ba5ac1f663e598f39028b3c1dafd3},
  intrahash = {5912c1172f231d7a45aed2c8814b23fe},
  issn = {1465-6914},
  journal = {Genome Biol},
  keywords = {biomedicine information-retrieval},
  number = 7,
  timestamp = {2008-10-14T14:06:29.000+0200},
  title = {Text-mining and information-retrieval services for molecular biology.},
  url = {http://dx.doi.org/10.1186/gb-2005-6-7-224},
  volume = 6,
  year = 2005
}

@article{Skib08,
  abstract = {The article evaluates the Twitter social networking and micro-blogging web site from Twitter and TinyURL.},
  added-at = {2009-02-12T10:40:57.000+0100},
  author = {Skiba, Diane J.},
  biburl = {http://www.bibsonomy.org/bibtex/2b14afd1fed3c061299d66f9b3867d475/boehr},
  description = {Microblogs in education},
  interhash = {1bf250fd35313dd52a667dd54527b25f},
  intrahash = {b14afd1fed3c061299d66f9b3867d475},
  issn = {15365026},
  journal = {Nursing Education Perspectives},
  keywords = {microblogging},
  number = 2,
  pages = {p110 - 112},
  timestamp = {2009-02-12T10:40:57.000+0100},
  title = {Nursing Education 2.0: Twitter & Tweets.},
  url = {http://search.ebscohost.com/login.aspx?direct=true&db=aph&AN=31618515&site=ehost-live},
  volume = 29,
  year = 2008
}

@article{Polajnar2006,
  	author = {Polajnar, Tamara},
	title={Survey of Text Mining of Biomedical Corpora},
	month = {June},
	year = 2006
}

@inproceedings{Pak10,
  added-at = {2010-06-01T10:23:44.000+0200},
  address = {Valletta, Malta},
  author = {Pak, Alexander and Paroubek, Patrick},
  biburl = {http://www.bibsonomy.org/bibtex/25656c3bb1adf00c58a85e3204096961c/frederik},
  booktitle = {Proceedings of the Seventh conference on International Language Resources and Evaluation (LREC'10)},
  date = {19-21},
  interhash = {ac930b0459a3c8a2fc2d74c52a475026},
  intrahash = {5656c3bb1adf00c58a85e3204096961c},
  isbn = {2-9517408-6-7},
  keywords = {imported},
  language = {english},
  month = may,
  publisher = {European Language Resources Association (ELRA)},
  timestamp = {2010-06-01T10:23:44.000+0200},
  title = {Twitter as a Corpus for Sentiment Analysis and Opinion Mining},
  url = {http://www.lrec-conf.org/proceedings/lrec2010/pdf/385_Paper.pdf},
  year = 2010
}

@inproceedings{PaulD11,
  added-at = {2012-01-04T00:00:00.000+0100},
  author = {Paul, Michael J. and Dredze, Mark},
  biburl = {http://www.bibsonomy.org/bibtex/251a98d401a51d1d487b368903cafc4d4/dblp},
  booktitle = {ICWSM},
  crossref = {conf/icwsm/2011},
  editor = {Adamic, Lada A. and Baeza-Yates, Ricardo A. and Counts, Scott},
  ee = {http://www.aaai.org/ocs/index.php/ICWSM/ICWSM11/paper/view/2880},
  interhash = {f43887e8d4ed34c140570a15e16980ee},
  intrahash = {51a98d401a51d1d487b368903cafc4d4},
  keywords = {dblp},
  publisher = {The AAAI Press},
  timestamp = {2012-01-04T00:00:00.000+0100},
  title = {You Are What You Tweet: Analyzing Twitter for Public Health.},
  url = {http://dblp.uni-trier.de/db/conf/icwsm/icwsm2011.html#PaulD11},
  year = 2011
}
@article{Go_Bhayani_Huang_2009,
  added-at = {2011-11-16T13:47:43.000+0100},
  author = {Go, Alec and Bhayani, Richa and Huang, Lei},
  biburl = {http://www.bibsonomy.org/bibtex/27b69035cfbcccab96a665f33678c49bd/coca.alina},
  interhash = {2dc1e21bf5b3ebf7259154d92ec31146},
  intrahash = {7b69035cfbcccab96a665f33678c49bd},
  journal = {Processing},
  keywords = {2011 analysis semantic seminar talk twitter winter},
  pages = {1--6},
  timestamp = {2011-11-16T13:47:43.000+0100},
  title = {Twitter Sentiment Classification using Distant Supervision},
  url = {http://www.stanford.edu/~alecmgo/papers/TwitterDistantSupervision09.pdf},
  year = 2009
}

@article{Gupta_Lehal_2009, 
  title={A Survey of Text Mining Techniques and Applications}, 
  volume={1},
  url={http://ojs.academypublisher.com/index.php/jetwi/article/view/11}, 
  number={1}, 
  journal={Journal of Emerging Technologies in Web Intelligence}, 
  author={Gupta, Vishal and Lehal, Gurpreet S}, 
  year={2009}, 
  pages={60--76}
}

@inproceedings{feldman95KDT,
  added-at = {2008-04-30T12:59:47.000+0200},
  author = {Feldman, R. and Dagan, I.},
  biburl = {http://www.bibsonomy.org/bibtex/2126a5e95ee707a23afbb4caa45fd3846/kdubiq},
  booktitle = {Proc. of the First Int. Conf. on Knowledge Discovery (KDD)},
  description = {KDubiq Blueprint},
  interhash = {7b664d1feadce08aba2c054d434550ff},
  intrahash = {126a5e95ee707a23afbb4caa45fd3846},
  key = {feldman95KDT},
  keywords = {imported},
  label = {KDT - Knowledge Discovery in Texts},
  pages = {112-117},
  timestamp = {2008-04-30T12:59:47.000+0200},
  title = {KDT - Knowledge Discovery in Texts},
  type = {InProceedings},
  year = 1995
}
@article{Healey98,
    Author = {Warschauer,Mark and Healey,Deborah},
    Doi = {10.1017/S0261444800012970},
    Eprint = {http://journals.cambridge.org/article_S0261444800012970},
    Journal = {Language Teaching},
    Number = {02},
    Pages = {57-71},
    Title = {Computers and language learning: an overview},
    Url = {http://dx.doi.org/10.1017/S0261444800012970},
    Volume = {31},
    Year = {1998},
    Bdsk-Url-1 = {http://dx.doi.org/10.1017/S0261444800012970}
}

